@INPROCEEDINGS(StG94,
  BIBITEMLABEL = "StG94",
  AUTHOR  = "Hodges, S.; Louie, G.",
  TITLE   = "{Towards the interactive office}",
  JOURNAL = "Journal of Universal Computer Science",
  YEAR    = 1994,
  NOTE    = "[Available \url{http://dl.acm.org/citation.cfm?id=260512&dl=ACM&coll=DL&CFID=900770930&CFTOKEN=59243495},
              24-28.04.1994]")
