@misc{hub13,
  title={Smart Office – Realizing the full potential of the workplace},
  author={Kati Barklund},
  url={http://www.hub13.fi/smart-office-realizing-the-full-potential-of-the-workplace/},
  year={2015},
  month=aug,
  publisher={HUB13, Hacking ICoorovation and Growth – People, spaces & events},
  note={Available: http://www.hub13.fi/smart-office-realizing-the-full-potential-of-the-workplace/ [Accessed: 2017-02-21]}
}

@misc{tieto,
  title={How the smart office transforms the way we work},
  author={Tomi Telko},
  url={https://perspectives.tieto.com/blog/2016/06/how-the-smart-office-transforms-the-way-we-work/},
  year={2016},
  month=jun,
  publisher={Tieto Corporation},
  note={Available: https://perspectives.tieto.com/blog/2016/06/how-the-smart-office-transforms-the-way-we-work/ [Accessed: 2017-02-21]}
}

@misc{sda-coor,
  title={What is a smart office?},
  author={Coor},
  url={http://www.smartoffice.coor.com/areas/what-is-a-smart-office/},
  year={1970},
  month=jan,
  publisher={COOR},
  note={Publish date not disclosed, Available: http://www.smartoffice.coor.com/areas/what-is-a-smart-office/ [Accessed: 2017-02-21]}
}

@misc{sda-coor,
  title={What is a smart office?},
  author={Coor},
  url={http://www.smartoffice.coor.com/areas/what-is-a-smart-office/},
  year={1970},
  month=jan,
  publisher={COOR},
  note={Publish date not disclosed, Available: http://www.smartoffice.coor.com/areas/what-is-a-smart-office/ [Accessed: 2017-02-21]}
}

@misc{sda-coor2,
  title={Make room for more likes},
  author={Coor},
  url={http://www.smartoffice.coor.com/areas/attraction/},
  year={1970},
  month=jan,
  publisher={COOR},
  note={Publish date not disclosed, Available: http://www.smartoffice.coor.com/areas/attraction/ [Accessed: 2017-02-21]}
}

@misc{sda-coor3,
  title={Get the job done well?},
  author={Coor},
  url={http://www.smartoffice.coor.com/areas/productivity/},
  year={1970},
  month=jan,
  publisher={COOR},
  note={Publish date not disclosed, Available: http://www.smartoffice.coor.com/areas/productivity/ [Accessed: 2017-02-21]}
}

@misc{aztec1,
  title={The interactive office},
  author={Aztec},
  url={http://www.aztec-interiors.co.uk/the-interactive-office/},
  year={1970},
  month=jan,
  publisher={Aztec Interiors},
  note={Available: http://www.aztec-interiors.co.uk/the-interactive-office/ [Accessed: 2017-02-21]}
}
@misc{aztec2,
  title={Why we all need a sustainable office},
  author={Aztec},
  url={http://www.aztec-interiors.co.uk/why-we-all-need-a-sustainable-office/},
  year={1970},
  month=jan,
  publisher={Aztec Interiors},
  note={Available: http://www.aztec-interiors.co.uk/why-we-all-need-a-sustainable-office/ [Accessed: 2017-02-21]}
}

@misc{aztec3,
  title={How to plan your office space},
  author={Aztec},
  url={http://www.aztec-interiors.co.uk/how-to-plan-your-office-space/},
  year={1970},
  month=jan,
  publisher={Aztec Interiors},
  note={Available: http://www.aztec-interiors.co.uk/how-to-plan-your-office-space/ [Accessed: 2017-02-21]}
}

@misc{living-lab,
  title={Living Lab Smart Office Space},
  author={Sarah Reichle},
  url={http://blog.kloeber.com/en/2016/06/21/living-lab-smart-office-space/},
  year={2016},
  month=jun,
  publisher={Klöber BLog},
  note={Available: http://blog.kloeber.com/en/2016/06/21/living-lab-smart-office-space/ [Accessed: 2017-02-22]}
}

@misc{roomzilla1,
  title={How Coworking Spaces and Phones Can Co-Exist},
  author={Roomzilla},
  url={http://www.roomzilla.net/blog/how-coworking-spaces-and-phones-can-co-exist-1},
  year={2016},
  month=mar,
  publisher={Roomzilla},
  note={Available: http://www.roomzilla.net/blog/how-coworking-spaces-and-phones-can-co-exist-1 [Accessed: 2017-02-21]}
}

@misc{roomzilla2,
  title={16 Environmentally Friendly Office Space Idea},
  author={Roomzilla},
  url={http://www.roomzilla.net/blog/16-environmentally-friendly-office-space-ideas},
  year={2016},
  month=apr,
  publisher={Roomzilla},
  note={Available: http://www.roomzilla.net/blog/16-environmentally-friendly-office-space-ideas [Accessed: 2017-02-21]}
}

@misc{roomzilla3,
  title={The Nontraditional Office: New Approaches To Employee Productivity, Workspace, and Gadgets - A Roundup},
  author={Roomzilla},
  url={http://www.roomzilla.net/blog/the-nontraditional-office-new-approaches-to-employee-productivity-workspace-and-gadgets-a-roundup},
  year={2016},
  month=feb,
  publisher={Roomzilla},
  note={Available: http://www.roomzilla.net/blog/the-nontraditional-office-new-approaches-to-employee-productivity-workspace-and-gadgets-a-roundup [Accessed: 2017-02-21]}
}

@misc{roomzilla4,
  title={Creative Office Space Design for Startups},
  author={Roomzilla},
  url={http://www.roomzilla.net/blog/creative-office-space-design-for-startups},
  year={2016},
  month=feb,
  publisher={Roomzilla},
  note={Available: http://www.roomzilla.net/blog/creative-office-space-design-for-startups [Accessed: 2017-02-21]}
}

@misc{roomzilla5,
  title={Tips and tricks for startups and entrepreneurs: A Round Up},
  author={Roomzilla},
  url={http://www.roomzilla.net/blog/tips-and-tricks-for-startups-and-entrepreneurs-a-round-up},
  year={2016},
  month=jan,
  publisher={Roomzilla},
  note={Available: http://www.roomzilla.net/blog/tips-and-tricks-for-startups-and-entrepreneurs-a-round-up [Accessed: 2017-02-21]}
}

@misc{roomzilla6,
  title={Creative Office Space Design for Warehouses},
  author={Roomzilla},
  url={http://www.roomzilla.net/blog/creative-office-space-design-for-warehouses},
  year={2016},
  month=jan,
  publisher={Roomzilla},
  note={Available: http://www.roomzilla.net/blog/creative-office-space-design-for-warehouses [Accessed: 2017-02-21]}
}

@misc{roomzilla7,
  title={Implementing the Perfect Meeting Room Booking System},
  author={Roomzilla},
  url={http://www.roomzilla.net/blog/implementing-the-perfect-meeting-room-booking-system},
  year={2016},
  month=jan,
  publisher={Roomzilla},
  note={Available: http://www.roomzilla.net/blog/implementing-the-perfect-meeting-room-booking-system [Accessed: 2017-02-21]}
}

@misc{roomzilla8,
  title={5 Exciting Examples of Startup Office Space Design},
  author={Roomzilla},
  url={http://www.roomzilla.net/blog/5-exciting-examples-of-startup-office-space-design},
  year={2016},
  month=jan,
  publisher={Roomzilla},
  note={Available: http://www.roomzilla.net/blog/5-exciting-examples-of-startup-office-space-design [Accessed: 2017-02-21]}
}

@misc{roomzilla9,
  title={What's the ROI of Meeting Room Software?},
  author={Roomzilla},
  url={http://www.roomzilla.net/blog/whats-the-roi-of-meeting-room-software},
  year={2016},
  month=jan,
  publisher={Roomzilla},
  note={Available: http://www.roomzilla.net/blog/whats-the-roi-of-meeting-room-software [Accessed: 2017-02-21]}
}

@misc{rambus,
  title={Designing the smart office of the future},
  author={Rambus},
  url={https://www.rambus.com/blogs/designing-the-smart-office-of-the-future-2/},
  year={2016},
  month=jun,
  publisher={Rambus},
  note={Available: https://www.rambus.com/blogs/designing-the-smart-office-of-the-future-2/ [Accessed: 2017-02-21]}
}

@misc{haworth,
  title={Enabling the Organic Workspace: Emerging Technologies that Focus on People, Not Just Space.},
  author={Andrew Barker},
  url={http://eu.haworth.com/docs/default-source/white-papers/emerging-technologies-that-focus-on-people-not-just-space.pdf},
  year={2016},
  month=apr,
  publisher={HAWORTH},
  note={Available: http://eu.haworth.com/docs/default-source/white-papers/emerging-technologies-that-focus-on-people-not-just-space.pdf [Accessed: 2017-02-21]}
}

@misc{effcomm,
  title={What is effective Workplace Comunication?},
  author={Owen E. Richason IV},
  url={http://smallbusiness.chron.com/effective-workplace-communication-822.html},
  year={2016},
  month=jun,
  publisher={Chron},
  note={Available: http://smallbusiness.chron.com/effective-workplace-communication-822.html [Accessed: 2017-02-21]}
}

@misc{sda-wired,
  title={Forget the Smart City… Start With the Smart Workplace},
  author={Chris Chasty},
  url={https://www.wired.com/insights/2013/11/forget-the-smart-city-start-with-the-smart-workplace/},
  year={2017},
  month=feb,
  publisher={Wired},
  note={Available: https://www.wired.com/insights/2013/11/forget-the-smart-city-start-with-the-smart-workplace/ [Accessed: 2017-02-21]}
}


@misc{SW2040-CBRE-ENG-DIGITAL,
  title={Smart Workplace 2040 -- The rise of the Workspace Consumer},
  author={Lewis Beck},
  url={http://www.cbre.us/services/globalcorporateservices/AssetLibrary/SW2040-CBRE-ENG-DIGITAL.pdf},
  year={2015},
  month=jan,
  publisher={CBRE},
  note={Exact Publish Date not disclosed, Available: http://www.cbre.us/services/globalcorporateservices/AssetLibrary/SW2040-CBRE-ENG-DIGITAL.pdf [Accessed: 2017-02-21]}
}


@misc{scmedia,
  title={The four cornerstones of a smart workplace},
  author={Mark Furness},
  url={https://www.scmagazineuk.com/the-four-cornerstones-of-a-smart-workplace/article/531507/},
  year={2016},
  month=mar,
  publisher={SC Media},
  note={Available: https://www.scmagazineuk.com/the-four-cornerstones-of-a-smart-workplace/article/531507/ [Accessed: 2017-02-21]}
}

@misc{hbcommunications,
  title={How smart is your Workplace?},
  author={HB Communications},
  url={http://blog.hbcommunications.com/how-smart-is-your-workplace},
  year={2017},
  month=jan,	
  publisher={HB Communications},
  note={Available: http://blog.hbcommunications.com/how-smart-is-your-workplace [Accessed: 2017-02-21]}
}

@misc{trina,
  title={The SMART Workplace -- What's this blog about?},
  author={Trina Hoefling},
  url={http://trinahoefling.com/virtual-workplace-university/},
  year={1970},
  month=jan,
  publisher={Trina's Smart Workplace},
  note={Publish Date unknown, Available: http://trinahoefling.com/virtual-workplace-university/ [Accessed: 2017-02-21]}
}

% 
@misc{rockwell,
  title={Perfect Score on the Corporate Equality Index is More Than a Number},
  author={Michelle Matthai},
  url={http://www.rockwellautomation.com/global/news/blog/detail.page?pagetitle=Supporting-Workplace-Equality-is-Smart-Business-%7C-Blog&content_type=blog&docid=3bd783000c754731144a9494ed9173ca},
  year={2016},
  month=dec,
  publisher={Rockwell Automation},
  note={Available: http://www.rockwellautomation.com/global/news/blog/detail.page?pagetitle=Supporting-Workplace-Equality-is-Smart-Business-%7C-Blog&content_type=blog&docid=3bd783000c754731144a9494ed9173ca [Accessed: 2017-02-21]}
}

@misc{iotagenda,
  title={Forget the Smart City… Start With the Smart Workplace},
  author={Kaynam Hedayat},
  url={http://internetofthingsagenda.techtarget.com/blog/IoT-Agenda/The-promise-of-the-smart-workplace-and-why-its-ready-to-deliver},
  year={2016},
  month=dec,
  publisher={IoT Agenda},
  note={Available: http://internetofthingsagenda.techtarget.com/blog/IoT-Agenda/The-promise-of-the-smart-workplace-and-why-its-ready-to-deliver [Accessed: 2017-02-21]}
}

@misc{metroffice,
  title={All Work And No Play? It Doesn’t Have To Be That Way – Part II: Have Fun At Work: Let Your Inner Child Out To Play},
  author={metroffice},
  url={http://www.metroffice.com/2015/12/all-work-and-no-play-it-doesnt-have-to-be-that-way-part-ii-have-fun-at-work-let-your-inner-child-out-to-play/},
  year={2015},
  month=jan,
  publisher={metroffice},
  note={Available: http://www.metroffice.com/2015/12/all-work-and-no-play-it-doesnt-have-to-be-that-way-part-ii-have-fun-at-work-let-your-inner-child-out-to-play/ [Accessed: 2017-02-21]}
}

@misc{occupiee,
  title={The benefits of flexible workspaces},
  author={deskmag},
  url={http://www.deskmag.com/en/the-benefits-of-flexible-workspaces},
  year={2007},
  month={jun},
  publisher={deskmag},
  note={Available: http://www.deskmag.com/en/the-benefits-of-flexible-workspaces  [Accessed: 2017-02-22]}
}